<record><leader>00000cas a22000007a 4500</leader><controlfield tag="001">12774872</controlfield><controlfield tag="008">851108d18691876vauwr ne      0    0eng d</controlfield><datafield ind1=" " ind2=" " tag="010"><subfield code="a">sn 85026938 </subfield></datafield><datafield ind1=" " ind2=" " tag="040"><subfield code="a">NPX</subfield><subfield code="b">eng</subfield><subfield code="c">NPX</subfield><subfield code="d">NVK</subfield><subfield code="d">OCLCQ</subfield></datafield><datafield ind1=" " ind2=" " tag="042"><subfield code="a">msc</subfield></datafield><datafield ind1=" " ind2=" " tag="043"><subfield code="a">n-us-va</subfield></datafield><datafield ind1="0" ind2="0" tag="245"><subfield code="a">Southwest Virginia.</subfield></datafield><datafield ind1=" " ind2=" " tag="260"><subfield code="a">Tazewell Court House, Va. :</subfield><subfield code="b">John Gatewood</subfield></datafield><datafield ind1=" " ind2=" " tag="300"><subfield code="a">v. ;</subfield><subfield code="c">56 cm.</subfield></datafield><datafield ind1=" " ind2=" " tag="310"><subfield code="a">Weekly</subfield></datafield><datafield ind1="1" ind2=" " tag="362"><subfield code="a">Began in 1869; ceased in July 1876.</subfield></datafield><datafield ind1=" " ind2=" " tag="500"><subfield code="a">Editor: John Gatewood, &lt;1876&gt;.</subfield></datafield><datafield ind1=" " ind2=" " tag="588"><subfield code="a">Description based on: Vol. 7, no. 15 (Mar. 16, 1876).</subfield></datafield><datafield ind1=" " ind2="0" tag="651"><subfield code="a">Tazewell C.H. (Va.)</subfield><subfield code="v">Newspapers.</subfield></datafield><datafield ind1=" " ind2=" " tag="752"><subfield code="a">United States</subfield><subfield code="b">Virginia</subfield><subfield code="c">Tazewell</subfield><subfield code="d">Tazewell.</subfield></datafield><datafield ind1="0" ind2="0" tag="785"><subfield code="a">Tazewell vidette</subfield><subfield code="w">(DLC)sn2001062600</subfield></datafield><datafield ind1="1" ind2=" " tag="029"><subfield code="a">AU@</subfield><subfield code="b">000023410613</subfield></datafield></record>